<?xml version="1.0" encoding="UTF-8"?><collection><record><leader>02258ntm a2200385 a 4500</leader><controlfield tag="001">002563055</controlfield><controlfield tag="003">MiAaHDL</controlfield><controlfield tag="005">20190719000000.0</controlfield><controlfield tag="006">m        d        </controlfield><controlfield tag="007">cr bn ---auaua</controlfield><controlfield tag="008">920923q14uu15uuxx            00||  ara d</controlfield><datafield tag="035" ind1=" " ind2=" "><subfield code="a">(MiU)002563055</subfield></datafield><datafield tag="035" ind1=" " ind2=" "><subfield code="a">sdr-miu002563055</subfield></datafield><datafield tag="035" ind1=" " ind2=" "><subfield code="a">(OCoLC)706055690</subfield></datafield><datafield tag="035" ind1=" " ind2=" "><subfield code="a">(RLIN)MIUH92-A8</subfield></datafield><datafield tag="040" ind1=" " ind2=" "><subfield code="a">MiU</subfield><subfield code="c">MiU</subfield><subfield code="e">appm</subfield></datafield><datafield tag="245" ind1="0" ind2="0"><subfield code="6">880-01</subfield><subfield code="a">Kitāb al-musriʻ fī sharḥ al-muqniʻ li-Ibn al-Hāʾim :</subfield><subfield code="k">manuscript,</subfield><subfield code="f">[15th or 16th century?].</subfield></datafield><datafield tag="300" ind1=" " ind2=" "><subfield code="a">1</subfield><subfield code="f">v. ([16] p.) ;</subfield><subfield code="c">18 cm.</subfield></datafield><datafield tag="500" ind1=" " ind2=" "><subfield code="a">Title and text rubricated.</subfield></datafield><datafield tag="500" ind1=" " ind2=" "><subfield code="a">For other abridgments of and commentaries on Ibn al-Hāʾim's Muqniʻ, see Mich. Isl. Mss. 700,2, 702, and 703.</subfield></datafield><datafield tag="510" ind1="4" ind2=" "><subfield code="a">GAL,</subfield><subfield code="c">v. II, p. 154; GAL, Suppl. II, p. 154; King, Survey, p. 69</subfield></datafield><datafield tag="520" ind1="8" ind2=" "><subfield code="a">"al-Musriʻ, an abridgement of al-Mumtiʻ, compiled in 810 H [1407]." David A. King, A Survey of the Scientific Manuscripts in the Egyptian National Library (Winona Lake, 1986), p. 69.</subfield></datafield><datafield tag="520" ind1=" " ind2=" "><subfield code="a">"A poem on algebra with unidentified commentary [not the same as that of Mich. Isl. Ms. 702]." Cataloging by Elinor M. Husselman, 1945.</subfield></datafield><datafield tag="530" ind1=" " ind2=" "><subfield code="a">Microfilm available in repository.</subfield></datafield><datafield tag="538" ind1=" " ind2=" "><subfield code="a">Mode of access: Internet.</subfield></datafield><datafield tag="541" ind1=" " ind2=" "><subfield code="d">07/--/36</subfield><subfield code="3">Manuscript</subfield><subfield code="a">McGregor Fund</subfield><subfield code="c">Purchase, 1933/34</subfield></datafield><datafield tag="561" ind1=" " ind2=" "><subfield code="a">Purchased in Cairo, 1933/34.</subfield></datafield><datafield tag="600" ind1="1" ind2="0"><subfield code="6">880-02</subfield><subfield code="a">Ibn al-Hāʾim, Aḥmad ibn Muḥammad,</subfield><subfield code="d">d. 1412.</subfield><subfield code="t">Muqniʻ fī ʻilm al-jabr wa-al-muqābalah.</subfield></datafield><datafield tag="650" ind1=" " ind2="0"><subfield code="a">Algebra</subfield><subfield code="v">Early works to 1800.</subfield></datafield><datafield tag="650" ind1=" " ind2="0"><subfield code="a">Mathematics, Arab</subfield><subfield code="y">Early works to 1800.</subfield></datafield><datafield tag="650" ind1=" " ind2="0"><subfield code="a">Manuscripts, Arabic</subfield><subfield code="z">Michigan</subfield><subfield code="z">Ann Arbor.</subfield></datafield><datafield tag="700" ind1="1" ind2=" "><subfield code="6">880-03</subfield><subfield code="a">Ibn al-Hāʼim, Aḥmad ibn Muḥammad,</subfield><subfield code="d">-1412.</subfield><subfield code="t">Muqniʻ fī ʻilm al-jabr wa-al-muqābalah.</subfield></datafield><datafield tag="773" ind1="0" ind2=" "><subfield code="7">unbc</subfield><subfield code="a">Tracy W. McGregor Collection of Arabic, Persian, and Turkish Mathematical and Astronomical Manuscripts.</subfield><subfield code="w">(CStRLIN)MIUH92-A20.</subfield></datafield><datafield tag="880" ind1="0" ind2=" "><subfield code="6">700-03/</subfield><subfield code="a">أحمد بن محمد بن الهائم.</subfield><subfield code="t">مقنع في علم الجبر والمقابلة.</subfield></datafield><datafield tag="880" ind1="0" ind2="0"><subfield code="6">600-02/</subfield><subfield code="a">أحمد بن محمد بن الهائم.</subfield><subfield code="t">مقنع في علم الجبر والمقابلة.</subfield></datafield><datafield tag="880" ind1="0" ind2="0"><subfield code="6">245-01/</subfield><subfield code="a">كتاب المسرع في شرح المقنع لابن الهائم :</subfield><subfield code="k">manuscript،</subfield><subfield code="f">[القرن 15 أو 16م؟].</subfield></datafield><datafield tag="CID" ind1=" " ind2=" "><subfield code="a">002563055</subfield></datafield><datafield tag="DAT" ind1="0" ind2=" "><subfield code="a">20190719102632.0</subfield><subfield code="b">20190719000000.0</subfield></datafield><datafield tag="DAT" ind1="1" ind2=" "><subfield code="a">20190719090653.0</subfield><subfield code="b">2019-07-19T16:10:31Z</subfield></datafield><datafield tag="DAT" ind1="2" ind2=" "><subfield code="a">2015-10-02T18:00:03Z</subfield></datafield><datafield tag="CAT" ind1=" " ind2=" "><subfield code="a">SDR-MIU</subfield><subfield code="d">EX LIBRIS - ALEPH</subfield><subfield code="l">prepare.pl-004-008</subfield></datafield><datafield tag="FMT" ind1=" " ind2=" "><subfield code="a">BK</subfield></datafield><datafield tag="HOL" ind1=" " ind2=" "><subfield code="0">sdr-miu002563055</subfield><subfield code="a">MiU</subfield><subfield code="b">SDR</subfield><subfield code="c">MIU</subfield><subfield code="p">mdp.39015081446562</subfield><subfield code="s">MIU</subfield><subfield code="1">002563055</subfield></datafield><datafield tag="974" ind1=" " ind2=" "><subfield code="b">MIU</subfield><subfield code="c">MIU</subfield><subfield code="d">20190719</subfield><subfield code="s">lit-dlps-dc</subfield><subfield code="u">mdp.39015081446562</subfield><subfield code="y">1599</subfield><subfield code="r">pd</subfield><subfield code="q">bib</subfield><subfield code="t">non-US bib date2 &lt; 1896</subfield></datafield></record></collection>